2158 3308
901 228 1156 268 nummu
1798 211 1882 267 vii

200 375 296 419 516.
337 374 718 428 conduplicaverit
1085 372 1380 426 duplicaverit

201 446 299 487 519.
338 445 390 486 id
405 444 526 497 quod
545 456 594 487 es
611 444 775 497 dignus
1083 442 1205 485 mala
1223 443 1387 495 quibus
1405 454 1453 483 es
1470 441 1632 494 dignus

201 515 296 556 521.
339 518 387 556 et
404 513 517 555 nihil
1082 523 1166 553 nec
1185 512 1423 564 quicquam

199 583 297 626 530.
336 582 477 625 nihilo
496 582 627 625 aliter
1081 581 1266 624 minime
1285 580 1401 622 alius

198 651 297 695 531.
334 656 389 694 ut
404 657 459 694 ut
1079 653 1324 700 utcumque
1777 703 1779 705 ι

198 722 297 764 563.
337 721 457 774 quod
477 733 616 774 opera
632 732 735 763 mea
745 721 872 763 vobis
885 731 999 773 opus
1081 719 1129 760 in
1149 730 1237 772 quo
1256 729 1391 771 opera
1409 729 1513 760 mea
1529 716 1658 760 vobis
1674 715 1778 758 usui
1796 714 1856 757 sit

389 791 452 832 sit

198 859 294 901 596.
334 864 516 913 tempus
534 859 622 901 sibi
639 858 740 901 dari
1081 857 1204 910 quod
1221 862 1399 910 tempus
1416 857 1503 899 sibi
1521 856 1705 899 daretur
1774 909 1777 912 K

198 929 296 971 599.
334 940 438 972 ecce
457 930 607 982 ipsum
1081 938 1185 970 ecce
1204 927 1299 980 ipse
1319 931 1389 969 est

196 998 294 1040 610.
337 998 473 1051 volup
491 1003 563 1040 est
1081 995 1256 1050 gaudeo

197 1067 296 1110 614.
335 1067 561 1110 circumiri
1081 1066 1437 1108 circumventum
1455 1076 1552 1107 esse

195 1136 293 1179 619.
336 1140 389 1178 ut
406 1142 678 1190 temptarem
1080 1135 1191 1176 mihi
1209 1139 1433 1188 temptare

195 1205 292 1248 ⁶42.
333 1206 534 1259 postam
637 1193 642 1198 ’
1078 1200 1290 1257 postulet

195 1275 292 1318 652.
334 1274 673 1318 incommodum
1079 1273 1355 1316 incommodi

195 1326 302 1387 665)
333 1343 538 1398 pluscula
555 1343 832 1398 supellectile
1046 1356 1053 1373 ·
1078 1342 1332 1395 plusculum
1352 1341 1644 1396 supellectilis

194 1413 292 1456 690.
333 1413 493 1456 utibile
1078 1412 1191 1454 utile

194 1483 294 1526 694.
332 1488 535 1526 ceterum
1078 1481 1160 1524 sed

195 1554 290 1596 711.
332 1557 387 1595 ut
1077 1551 1254 1606 utinam

196 1621 293 1664 736.
331 1627 494 1676 gnatae
519 1622 602 1679 (cf.
619 1622 716 1675 749,
731 1623 823 1665 and
839 1623 990 1679 often)
1078 1619 1198 1663 filiae

195 1691 291 1734 737.
332 1691 461 1743 adeo,
482 1703 645 1734 maneo
1077 1690 1252 1742 adeam,
1275 1701 1483 1732 maneam

194 1760 291 1803 737.
330 1760 440 1803 dum
458 1772 678 1814 cognosco
1078 1759 1185 1801 dum
1204 1771 1470 1812 cognoscam

194 1829 288 1871 ⁷42.
331 1841 390 1872 ne
410 1829 672 1883 appellassis
1078 1829 1170 1871 noli
1189 1828 1415 1882 appellare

195 1899 289 1942 756.
332 1899 583 1952 composito
1077 1910 1135 1940 ex
1153 1898 1401 1951 composito

194 1968 290 2011 763.
332 1968 486 2022 iniquo
505 1968 672 2023 oppido
1077 1968 1360 2021 iniquissimo

193 2038 288 2080 786.
331 2037 517 2081 adiuves
1076 2037 1242 2080 adiuva

191 2106 288 2150 803.
330 2119 388 2150 ne
407 2118 524 2162 nega
1076 2106 1170 2149 noli
1189 2117 1352 2160 negare

191 2176 287 2219 818.
328 2178 479 2230 potuit
1075 2176 1172 2218 fleri
1191 2176 1340 2230 potuit

191 2246 290 2288 852.
328 2251 532 2289 actutum
1074 2246 1312 2288 confestim

190 2314 286 2357 856.
329 2320 375 2358 te
393 2315 645 2358 delibutum
662 2316 827 2370 gaudio
850 2316 990 2360 reddo
1073 2319 1119 2358 te
1137 2315 1301 2370 gaudio
1320 2313 1543 2368 pertundo

190 2383 287 2427 862.
328 2385 502 2438 occipio
1074 2385 1240 2437 incipio

189 2452 285 2496 878.
328 2452 583 2496 clanculum
1073 2453 1191 2497 clam

189 2522 284 2564 874.
329 2523 427 2564 utin
449 2523 675 2577 ignoraret
1072 2523 1279 2576 potuitne
1298 2522 1396 2566 fleri
1414 2526 1467 2566 ut
1485 2522 1712 2577 ignoraret

188 2591 287 2634 877.
327 2591 528 2634 inaudivi
1072 2592 1226 2636 audivi

187 2659 284 2703 895.
325 2660 507 2713 qnando
1071 2661 1192 2715 quod

187 2728 283 2772 904.
324 2735 497 2783 quanta
514 2735 686 2784 quanta
1071 2736 1434 2784 quantacumque

186 2797 283 2841 961.
323 2797 587 2852 placabilius
606 2805 678 2843 est
1071 2799 1350 2842 commodius
1373 2799 1432 2842 ad
1456 2798 1577 2841 illam
1603 2798 1870 2853 placandam

1182 2874 1253 2912 ost
