2158 3308
303 280 371 331 18

237 444 282 479 50
299 427 387 468 Ph.

300 507 387 548 Ge.

377 619 386 629 .
435 580 505 646 (to
526 583 739 644 himself,
759 584 1071 645 recoynizinq
1086 581 1352 647 Phormio)
1374 581 1557 644 Ipsum
1577 589 1759 645 opinor
1777 596 1890 631 esse
1909 582 1974 631 de

296 750 385 792 Ph.

233 846 277 883 55

296 992 384 1034 Ge.

230 1251 277 1286 60

293 1318 381 1359 Ph.

1013 289 1270 328 TERENCE
1688 287 1780 340 [11·1.
1799 291 1837 328 2.
1855 289 1975 328 50-81

431 420 617 483 Neque
643 427 698 469 se
724 427 856 470 scire
882 419 992 469 eius
1017 394 1217 484 patrem
1244 426 1335 483 qui
1358 418 1521 468 fuerit
1537 420 1564 469 ’ἲ

431 501 620 563 Negat.

431 670 534 726 quo
550 663 790 725 agebam3
815 661 885 727 (t'o
899 664 977 710 his
984 664 1209 729 friends)
1230 661 1520 725 sequimini.
1560 661 1712 726 (steps
1715 665 1971 730 forward)

433 742 691 808 (feiqninq
726 744 1068 808 indiynation)
1106 742 1240 801 Quia
1269 742 1460 791 misera
1488 742 1672 791 relicta
1696 747 1775 792 est
1800 751 1971 806 egens,

430 831 618 888 parens
643 824 929 887 ignoratur,
950 824 1068 888 ipsa
1090 822 1410 887 neglegitur:
1450 822 1571 883 vide
1597 822 1725 887 quid
1749 824 1974 874 avaritia

429 905 606 954 faciat.

432 986 510 1052 (in
546 1003 581 1036 α
611 988 729 1036 loud
752 990 900 1048 voice,
929 990 1159 1051 affectiny
1195 986 1537 1053 indiqnation)
1579 985 1637 1035 Si
1662 1001 1805 1035 erum
1830 986 1973 1036 mali-

428 1067 534 1117 tiae
559 1067 904 1130 insimulabiS,
931 1067 1066 1117 male
1092 1067 1286 1117 audies.

373 1186 383 1196 .
432 1147 618 1215 (aside)
659 1142 702 1198 ὓ
738 1149 1037 1199 audaciam!
1076 1148 1236 1198 etiam
1271 1156 1353 1197 me
1399 1148 1539 1198 ultro
1580 1148 1795 1198 advenit
1830 1157 1973 1199 accu-

428 1234 613 1279 satum.

431 1310 502 1376 (to
532 1311 682 1379 Geta)
720 1312 860 1360 Nam
896 1311 1000 1361 iam
1038 1311 1363 1361 adulescenti
1398 1315 1478 1360 est
1513 1310 1648 1359 nihil
1687 1312 1826 1375 quod
1862 1327 1971 1361 suc-

426 1400 680 1455 censeam,
725 1400 772 1442 si
806 1393 956 1441 illum
992 1392 1166 1442 minus
1202 1397 1381 1454 norat3
1435 1392 1627 1456 quippe
1669 1393 1824 1442 homo
1865 1393 1971 1441 iam

427 1473 685 1536 grandior,
711 1489 925 1538 pauper,
950 1474 1033 1522 cui
1069 1474 1127 1521 in
1162 1489 1315 1537 opere
1348 1478 1459 1522 erat
1487 1478 1612 1535 vita,
1637 1481 1748 1522 ruri
1778 1474 1890 1522 fere
1915 1482 1971 1523 se

426 1555 757 1618 continebat3
813 1554 888 1603 ibi
934 1570 1116 1618 agrum
1163 1554 1228 1603 de
1274 1559 1422 1618 patre
1470 1559 1647 1603 nostro
1695 1554 1965 1603 colendum

426 1636 665 1685 habebat.
755 1635 918 1699 Saepe
973 1635 1173 1684 interea
1229 1635 1360 1683 mihi
1408 1635 1655 1684 narrabat
1706 1651 1865 1687 senex
1914 1644 1969 1685 se

427 1716 699 1780 neglegere
737 1716 877 1765 hunc
914 1733 1065 1766 suum
1102 1721 1394 1779 cognatum.
1466 1716 1541 1764 At
1579 1731 1731 1779 quem
1768 1716 1965 1766 virum!

428 1813 582 1861 quem
611 1813 705 1860 ego
736 1797 793 1846 in
825 1802 937 1846 vita
961 1797 1183 1846 viderim
1217 1796 1488 1861 optimum.
1559 1796 1682 1846 Nisi
1713 1812 1826 1845 eum
1855 1812 1967 1847 esse

428 1878 882 1941 existimavissem,
907 1894 1192 1942 numquam
1219 1883 1328 1927 tam
1361 1886 1542 1940 graves
1576 1877 1881 1927 inimicitias
1910 1878 1967 1926 in

426 1964 653 2009 vestram
690 1959 949 2008 familiam
987 1974 1222 2023 caperem
1260 1959 1325 2008 ob
1365 1958 1499 2007 hanc
1542 1974 1699 2022 quam
1739 1958 1786 2007 is
1828 1973 1967 2007 nunc

424 2045 532 2089 tam
557 2040 887 2089 illiberaliter
912 2045 1235 2104 aspernatur.

423 2121 673 2184 Pergisne
700 2129 786 2170 ero
811 2122 1016 2170 absenti
1039 2120 1175 2169 male
1199 2119 1360 2184 loqui,
1388 2109 1770 2184 improbissime
1788 2121 1814 2169 ’.Ρ

368 2241 378 2251 .
424 2201 657 2264 Dignum
683 2207 856 2251 autem
887 2202 984 2251 hoc
1007 2201 1103 2251 illo
1127 2205 1221 2251 est.

424 2283 532 2331 Ain
556 2288 747 2345 tamen,
776 2282 1026 2332 scelerate
1043 2284 1069 2332 ?

369 2403 379 2413 .
428 2364 635 2429 (callinq
660 2365 787 2431 him)
829 2365 992 2413 Geta!

370 2484 379 2493 .
426 2445 496 2510 (to
522 2446 778 2506 PhormiO,
794 2447 1097 2508 pretendinq
1127 2451 1213 2493 not
1243 2451 1292 2493 to
1327 2445 1470 2511 hear)
1510 2445 1774 2494 Bonorum
1799 2447 1966 2493 extor-

423 2530 520 2587 tor,
546 2525 723 2588 lagum
749 2529 1012 2574 contortor
1030 2527 1040 2574 1

368 2645 378 2655 .
427 2605 632 2671 (calliny
650 2622 787 2655 more
812 2608 1000 2672 loudly)
1041 2606 1204 2656 Geta!

367 2725 377 2735 .
424 2686 595 2751 (iwan
618 2690 890 2735 undertone
915 2694 963 2734 to
993 2687 1141 2752 Geta)
1179 2687 1472 2750 Responde.

368 2805 377 2815 .
426 2768 654 2832 (turniny
689 2769 874 2833 round)
914 2766 1039 2824 Quis
1081 2766 1235 2816 homo
1272 2768 1396 2816 est?
1448 2765 1779 2831 (pretendinq
1825 2773 1873 2815 to
1908 2768 1964 2816 be

424 2849 733 2915 astomfshed)
772 2847 939 2896 Ehem
958 2848 969 2896 1

369 2966 378 2976 .
426 2928 497 2995 (to
526 2928 675 2995 Geta)
714 2929 864 2977 Tace.
