2158 3308
295 245 362 296 10
1022 253 1279 292 TERENCE
1705 253 1776 304 [Π.
1796 256 1833 292 2.
1851 256 1973 294 49-80

425 381 584 431 miser
601 382 626 430 ’.Ρ
657 379 925 445 (wrinqinq
943 381 1021 428 his
1035 381 1220 446 hands)
1250 379 1398 437 Quod
1417 388 1462 429 si
1486 387 1546 429 θὸ
1565 380 1806 430 fortunae
1825 397 1969 431 meae

227 483 275 519 50
425 463 661 523 redeunt,
687 461 965 523 Phanium,
1000 465 1059 509 ut
1091 468 1122 509 a
1145 465 1198 508 te
1231 460 1508 523 distrahar,
1533 461 1681 510 nulla
1704 467 1816 510 vita
1837 462 1971 511 mihi

426 548 505 593 est
530 542 836 606 expetenda.

291 633 379 674 Ge.
426 625 581 686 Ergo,
629 622 881 686 Antipho,
930 637 1049 671 oum
1096 622 1259 671 istaec
1309 622 1386 671 ita
1438 622 1561 684 sint,
1609 627 1758 672 tanto
1803 624 1969 686 magis

425 721 647 769 aequum
671 708 753 752 est
774 711 827 752 te
852 703 1098 765 vigilare3
1139 703 1302 752 fortes
1330 703 1544 752 fortuna
1569 703 1797 752 adiuvat.

290 796 388 836 An.
426 786 704 852 (tearfully)
731 786 855 834 Non
879 800 996 833 sum
1021 784 1212 833 mentis
1241 800 1462 848 compos.

227 886 272 923 55
291 875 378 917 Ge.
427 868 610 931 Atqui,
640 866 894 930 Antipho,
926 881 1057 929 opus
1087 870 1167 914 est
1199 881 1337 913 nuno
1367 880 1484 914 oum
1514 864 1740 914 maxime
1772 870 1832 915 ut
1865 875 1966 931 sis;

423 964 545 998 nam
570 952 733 1012 pater,
760 955 806 996 si
839 952 892 995 te
927 945 1175 995 timidum
1210 962 1323 996 esse
1362 945 1598 1008 senserit,
1627 946 1967 996 arbitrabitur

424 1034 478 1079 te
504 1029 712 1093 culpam
737 1028 1001 1077 meruisse.

290 1119 379 1160 Ph.
426 1112 545 1159 Hoo
568 1118 750 1159 varum
775 1114 869 1159 est.

290 1201 389 1241 An.
432 1193 512 1257 (in
536 1192 761 1257 despair)
786 1191 910 1240 Non
935 1207 1146 1255 possum
1176 1199 1258 1240 me
1283 1191 1576 1241 immutare.

224 1282 274 1317 60
291 1280 380 1322 Ge.
431 1272 568 1330 Quid
604 1272 818 1334 faceres,
857 1280 903 1321 si
938 1272 1065 1335 quid
1099 1272 1244 1321 aliud
1280 1272 1488 1335 gravius
1523 1272 1623 1322 tibi
1658 1288 1795 1322 nunc
1831 1278 1971 1323 esset

426 1353 726 1403 faciendum
741 1354 767 1401 ⁴?

290 1443 389 1483 An.
425 1435 557 1484 Cum
582 1433 677 1483 hoc
703 1442 809 1483 non
832 1434 1046 1499 possim,
1072 1434 1206 1494 illud
1232 1434 1406 1485 minus
1432 1451 1652 1500 possem.

291 1523 381 1564 Ge.
428 1514 787 1583 (impatiently)
808 1516 924 1564 Hoc
948 1515 1084 1564 nihil
1109 1521 1206 1578 est,
1232 1516 1524 1579 Phaedria3
1562 1525 1754 1566 eamus.
1831 1516 1971 1575 Quid

423 1596 509 1646 hio
535 1612 745 1660 operam
769 1596 1085 1647 conterimus
1110 1598 1311 1646 frustra
1333 1600 1358 1646 ⁶?
1394 1598 1530 1655 Quin
1554 1598 1680 1646 abeo
1698 1599 1723 1646 ?

198 1695 199 1698 ¹
226 1686 272 1731 65
290 1685 379 1726 Ph.
424 1678 496 1726 Et
521 1677 732 1741 quidem
757 1693 852 1740 ego
869 1679 896 1727 ⁸?
925 1677 1078 1743 (Both
1104 1686 1220 1727 turn
1245 1686 1292 1726 to
1315 1680 1415 1745 90.)

427 1757 504 1823 (in
517 1761 640 1821 sear
663 1761 726 1821 of
739 1761 882 1822 beinq
914 1761 1000 1821 lefi
1025 1761 1190 1824 alone)
1233 1758 1471 1821 Obsecro,
1499 1757 1628 1823 quid
1661 1766 1708 1809 si
1732 1758 1922 1809 simulo
1939 1760 1966 1808 ?

430 1841 665 1904 (strikinq
689 1856 722 1888 a
739 1841 966 1907 pos-ture)
998 1840 1205 1889 Satisne
1231 1843 1311 1889 est
1325 1841 1350 1888 ?

291 1767 387 1807 ξξ

292 1928 380 1969 Ge.
430 1920 570 1984 (with
594 1922 858 1988 contempt)
889 1922 1083 1970 Garris.

291 2011 389 2050 An.
424 2002 642 2051 Vultum
670 2002 1114 2065 oontemplamini.
1191 2001 1473 2066 (assuminq
1491 2019 1559 2051 an
1584 2005 1667 2051 air
1681 2005 1744 2066 of
1757 2004 1970 2051 carde-ss

228 2099 274 2136 70
426 2085 560 2148 ease)
591 2083 757 2131 Hem!
797 2082 994 2131 satisne
1019 2090 1094 2131 sio
1119 2086 1199 2131 est
1216 2084 1242 2131 ⁴?

292 2171 376 2212 Ge.
432 2164 825 2229 (emphatically)
851 2163 988 2212 Non.

290 2253 387 2292 An.
429 2244 567 2309 (with
592 2261 625 2293 a
650 2246 816 2293 bolder
840 2247 1149 2310 ewpression)
1182 2244 1320 2303 Quid
1344 2252 1524 2294 sisio.
1509 2246 1535 2280 ‘7

291 2332 379 2373 Ge.
426 2325 825 2388 Propemodum.

290 2414 388 2453 An.
429 2404 651 2470 (foldinq
675 2407 754 2454 his
788 2422 927 2455 arms
962 2409 1067 2455 and
1101 2408 1344 2470 throwinq
1379 2409 1500 2456 back
1535 2409 1612 2455 his
1647 2408 1798 2474 head)
1831 2407 1968 2465 Quid

229 2503 273 2540 75
426 2494 531 2535 sio.
517 2487 542 2521 9

291 2574 379 2616 Ge.
428 2567 566 2632 (with
591 2567 918 2633 entlmsiasm)
947 2568 1038 2617 Sat
1063 2572 1160 2617 est.
1230 2568 1395 2616 Hem!
1434 2566 1568 2617 istuc
1589 2576 1766 2631 serva3
1805 2572 1858 2617 et
1881 2568 1966 2618 fao

425 2653 486 2697 ut
509 2648 726 2697 verbum
755 2649 928 2710 verbo,
965 2657 1057 2712 par
1093 2656 1209 2712 pari
1243 2649 1574 2711 respondeas,
1612 2657 1678 2697 ne
1715 2653 1881 2698 iratus
1914 2653 1968 2698 te

426 2737 533 2779 suis
560 2728 826 2778 acerrimis
852 2729 1008 2778 dictis
1035 2729 1227 2778 domet.

293 2818 392 2859 An.
436 2810 567 2858 Soio.

229 2900 277 2936 80
294 2896 381 2939 Ge.
427 2891 497 2941 Vi
521 2894 755 2939 coactum
781 2905 894 2940 esse
919 2894 971 2939 te
996 2889 1238 2939 invitum.
