2158 3308
293 259 365 312 44

200 420 274 459 255

198 810 272 845 260

289 975 376 1015 Ph.

195 1217 268 1263 265
288 1217 378 1259 De.

286 1461 375 1503 Ph.

194 1636 269 1674 270

284 1787 376 1829 De.

192 2046 264 2083 275
284 2031 371 2073 ch.

283 2194 372 2235 De.

281 2275 370 2316 Ph.

189 2442 264 2478 280
282 2437 369 2478 Ch.

280 2600 369 2641 De.

280 2681 367 2721 Ph.

359 2792 368 2801 .
417 2755 487 2818 (to
511 2755 776 2820 Phormio)
804 2755 943 2816 Lege
967 2762 1088 2815 ergo
1113 2769 1220 2816 age.

188 2847 262 2894 285
279 2843 368 2883 Ph.

1002 269 1261 308 TERENCE
1655 270 1725 320 [V.
1743 273 1781 309 4.
1801 272 1969 310 255-286

426 403 540 449 tum
582 403 787 462 argenti
827 399 1046 462 auferat,
1084 404 1191 449 tam
1235 404 1412 464 aperte
1449 399 1671 450 irridens
1691 402 1716 450 ⁴?
1787 394 1967 451 Emori

425 479 599 529 hercle
624 484 704 530 est
730 480 910 531 satius.
987 481 1125 530 Para
1148 485 1206 530 ut
1232 481 1406 530 animo
1430 481 1576 529 virili
1600 487 1966 546 praesentique

426 569 526 624 sis;
563 561 715 610 vides
744 565 893 609 tuum
926 566 1198 625 peccatum
1230 562 1371 611 foras
1402 577 1515 612 esse
1549 562 1759 625 elatum,
1795 579 1964 627 neque

425 642 530 691 iam
548 642 605 691 id
628 647 680 691 te
699 657 850 706 posse
875 643 1042 691 celare
1066 651 1283 692 uxorem
1301 647 1462 692 tuam.
1538 643 1708 704 Nunc,
1729 643 1966 706 Chreme,

425 723 565 787 quod
611 724 728 787 ipsa
772 738 841 772 ex
880 723 999 772 aliis
1051 724 1299 772 auditura
1345 723 1430 787 sit,
1476 723 1534 773 id
1586 732 1680 774 nos
1735 724 1967 774 indicare

425 804 743 853 commodius
780 804 847 853 ad
880 804 1028 853 illam
1064 804 1374 868 placandam
1410 809 1516 867 est3
1555 809 1667 853 tum
1703 804 1843 854 hunc
1877 805 1970 854 im-

424 886 642 950 probum
669 885 956 950 poterimus
991 890 1171 935 nostro
1195 886 1350 935 modo
1374 886 1571 935 ulcisci.

435 969 602 1032 (aeide
640 970 696 1015 in
735 968 922 1034 alarm)
962 968 1132 1016 Hem!
1167 967 1274 1016 nisi
1299 967 1430 1015 mihi
1462 967 1738 1032 prospicio,
1764 967 1964 1017 haereo.

422 1049 500 1097 Hi
525 1048 834 1110 gladiatorio
857 1048 1032 1097 animo
1055 1048 1113 1096 in
1136 1056 1219 1096 me
1243 1049 1482 1097 tendunt.

429 1129 591 1194 (aside
611 1137 658 1178 to
677 1131 949 1195 Demipho)
976 1129 1052 1178 At
1076 1145 1270 1191 vereor,
1296 1134 1355 1178 ut
1379 1129 1578 1193 placari
1596 1130 1776 1194 possit.

430 1210 594 1276 (aside
613 1218 660 1260 to
682 1210 934 1277 Chremes)
974 1211 1120 1259 Bono
1139 1210 1315 1259 animo
1333 1226 1386 1260 es
1403 1231 1415 1274 3
1444 1227 1537 1274 ego
1556 1219 1647 1261 vos
1668 1211 1724 1259 in
1743 1211 1963 1274 gratiam

421 1293 671 1355 redigam,
696 1291 795 1340 hoc
823 1291 1009 1353 fretus,
1037 1291 1272 1354 Chreme,
1300 1292 1440 1356 quod
1474 1299 1502 1340 e
1525 1292 1696 1342 medio
1721 1292 1964 1356 excessit,

422 1373 560 1422 unde
584 1373 712 1422 haec
738 1371 839 1421 tibi
863 1377 1107 1436 suscepta
1132 1377 1224 1422 est.

424 1455 577 1503 Itane
596 1462 798 1503 mecum
819 1453 975 1515 agitis
995 1454 1020 1501 ?
1075 1454 1214 1503 Satis
1234 1459 1406 1504 astute
1427 1453 1784 1517 aggredimini.
1844 1454 1967 1503 Non

421 1535 595 1584 hercle
624 1551 688 1584 ex
721 1543 776 1583 re
809 1534 981 1597 istius,
1008 1535 1285 1599 Demipho,
1311 1544 1394 1584 me
1427 1536 1770 1598 instigavisti.
1862 1535 1964 1585 His

422 1617 578 1667 dictis
611 1632 705 1679 ego
736 1617 881 1666 illam
917 1617 974 1666 in
996 1621 1050 1665 te
1077 1616 1146 1682 (to
1177 1617 1432 1683 Chremes)
1461 1616 1538 1666 ita
1562 1616 1827 1666 incensam
1857 1617 1967 1666 red-

421 1699 555 1760 dam,
582 1703 643 1747 ut
666 1707 772 1748 non
798 1700 1112 1762 restinguas,
1140 1706 1186 1747 si
1214 1698 1457 1748 lacrimas
1483 1698 1703 1747 fuderis».

424 1780 625 1829 Malum
645 1780 858 1844 aliquod
881 1781 977 1830 isti
1002 1780 1057 1828 di
1081 1779 1311 1843 deaeque
1336 1787 1515 1828 omnes
1535 1780 1687 1831 dent!
1727 1780 1966 1828 Tantane

419 1861 636 1910 audacia
652 1877 966 1926 quemquam
983 1860 1246 1910 hominem
1267 1876 1380 1910 esse
1406 1861 1651 1910 affectum
1673 1862 1684 1911 Ξ
1719 1861 1841 1910 Non
1866 1860 1963 1909 hoc

417 1942 626 2007 publice
651 1942 817 1992 scelus
843 1942 966 1992 hinc
991 1942 1048 1990 in
1073 1941 1210 1992 solas
1236 1946 1402 1992 terras
1428 1942 1716 2006 asportari!

420 2022 584 2089 (aside
608 2031 656 2072 to
683 2025 956 2092 Demipho)
1007 2024 1073 2071 In
1097 2023 1154 2072 id
1182 2023 1285 2072 loci
1309 2022 1549 2072 redactus
1577 2038 1707 2086 sum,
1733 2026 1807 2085 ut,
1834 2021 1962 2087 quid

418 2121 568 2168 agam
593 2120 710 2154 cum
735 2105 844 2167 illo,
870 2113 1081 2169 prorsus
1107 2104 1355 2154 nesciam.

418 2186 583 2251 (aside
609 2194 657 2236 io
688 2187 941 2254 Chremes)
992 2187 1106 2249 Ego
1133 2185 1267 2249 scio;
1306 2186 1362 2234 in
1386 2185 1469 2235 isis
1493 2193 1688 2235 eamus.

417 2267 764 2333 (overhearinq
810 2269 939 2334 him)
1007 2267 1073 2315 In
1132 2267 1214 2316 ios
1233 2269 1259 2316 ?
1329 2267 1467 2329 Huc,
1529 2274 1576 2316 si
1634 2267 1760 2331 quid
1805 2265 1952 2316 libet.

419 2347 594 2413 (sta-ris
618 2352 834 2398 towards
863 2349 1109 2399 Chremes'
1136 2349 1310 2412 house)

418 2429 488 2495 (io
514 2431 784 2499 Demipho)
830 2430 1139 2494 Assequere,
1170 2429 1354 2491 retine,
1382 2429 1506 2478 dum
1535 2444 1630 2492 ego
1654 2429 1755 2478 huc
1781 2436 1957 2479 servos

417 2519 587 2561 evoco.

415 2593 627 2641 Etenim
654 2593 795 2642 solus
819 2600 1048 2656 nequeo;
1087 2607 1311 2641 accurre.

417 2674 488 2739 (to
513 2675 783 2739 Demipho)
823 2667 947 2722 Una
970 2672 1165 2722 iniuria
1186 2675 1266 2722 est
1289 2677 1475 2721 tecum.

418 2835 488 2899 (to
518 2834 770 2901 Chremes)
808 2834 994 2883 Altera
1019 2839 1097 2883 est
1122 2839 1311 2896 tecum,
1339 2833 1573 2885 Chreme.

416 2915 487 2981 (to
510 2917 781 2982 Demipho)
819 2916 967 2979 Rape
991 2914 1145 2964 hunc.
