2158 3308
301 304 358 355 vi

302 457 397 497 102.

303 526 394 566 123.

302 595 393 635 162.

303 664 393 704 180.

304 733 397 773 184.

303 802 398 842 194.

304 872 395 913 197.

301 940 395 982 204.

302 1010 395 1050 206.

301 1079 394 1119 208.

301 1148 397 1188 213.

301 1217 395 1257 213.

300 1287 395 1328 238.

301 1357 397 1397 246.

301 1425 394 1466 247.

299 1496 395 1536 250.

300 1566 394 1606 257.

301 1634 394 1674 282.

301 1704 394 1744 305.

301 1772 395 1813 308.

301 1841 395 1882 317.

301 1911 395 1951 318.

301 1980 395 2021 320.

302 2050 395 2090 329.

301 2188 397 2228 346.

301 2257 396 2297 348.

300 2326 395 2366 358.

302 2394 395 2435 373.

301 2464 394 2504 381.

301 2533 396 2573 382.

301 2602 395 2643 394.

302 2671 396 2711 398.

301 2740 397 2780 401.

301 2809 396 2849 432.

301 2877 396 2918 439.

300 2946 395 2986 444.

437 468 591 498 eamus
610 456 751 498 visere

437 526 513 577 qui

437 594 546 635 defit

437 668 482 704 te
503 663 748 715 inpendent

438 733 544 773 illuc
563 732 670 773 mali

438 801 680 853 plurimum

439 872 562 922 cedo,
587 871 696 922 quid
714 875 867 922 portas

440 940 559 992 apud
579 952 651 981 me

439 1009 756 1051 commeruisse

439 1079 558 1119 ilicet

438 1148 672 1189 saevidicis

438 1217 629 1268 protelet

439 1286 675 1338 expediam

438 1356 653 1407 deputare

438 1429 544 1466 ante
564 1436 617 1466 eo

438 1494 503 1535 nil
523 1494 761 1546 quicquam

437 1564 602 1616 rogitas

438 1633 630 1674 officium

438 1702 695 1743 meritumst

438 1771 544 1812 faxo

440 1840 603 1892 oppido
629 1839 707 1893 (cf.
733 1838 836 1892 896)

440 1910 670 1962 accingere

437 1979 596 2020 reddet

439 2048 548 2090 cedo
574 2047 697 2097 dum,
724 2057 996 2097 enumquam
1020 2044 1098 2086 au-

494 2117 598 2158 disti

439 2187 574 2227 coitio

438 2266 712 2307 enumquam

439 2325 549 2366 facit

437 2405 588 2434 carcer

438 2463 604 2503 diceret

437 2543 590 2573 nosses
615 2531 694 2584 (cf.
719 2530 822 2583 388)

438 2613 553 2642 esses
572 2599 803 2652 proferens

440 2675 508 2711 est

440 2739 583 2779 filium

439 2809 597 2858 visum,
622 2806 827 2848 auditum

441 2877 585 2917 dicam
606 2876 835 2927 inpingam
855 2872 1069 2926 grandem

441 2945 547 2997 quid
566 2945 624 2986 sit
643 2943 891 2985 sententiae

1010 312 1151 350 PREF
1156 311 1261 350 ACE

1176 456 1373 497 visamus

1176 525 1353 565 utinam

1177 593 1329 635 deficit
1380 613 1383 615 >

1180 663 1263 703 tibi
1284 662 1544 714 impendent

1180 731 1291 772 illud
1310 732 1478 772 malum

1180 800 1442 852 plerumque

1181 869 1305 920 cedo,
1329 870 1438 921 quid
1457 869 1635 911 adferas

1180 939 1345 979 mentis
1363 950 1544 990 compos

1180 1008 1396 1049 meruisse

1181 1089 1335 1119 eamus

1180 1147 1408 1188 acerrimis

1182 1215 1334 1257 domet

1182 1284 1415 1336 explicabo

1181 1360 1338 1405 putare

1182 1427 1388 1464 anteeam

1180 1492 1295 1532 nihil

1180 1573 1311 1613 rogas

1183 1631 1326 1672 officio

1182 1704 1442 1741 meruerunt

1182 1774 1302 1810 certe

1182 1839 1313 1879 valde

1182 1912 1228 1949 te
1247 1919 1357 1959 para

1182 1976 1474 2028 respondebit

1182 2046 1305 2097 cedo,
1359 2057 1539 2096 quaeso,
1593 2056 1703 2085 num
1754 2043 1978 2085 audiveris

1291 2125 1507 2166 umquam

1181 2187 1430 2225 conventus

1182 2253 1314 2305 quid?
1336 2263 1550 2304 umquam

1182 2323 1320 2364 faciat

1181 2391 1393 2433 scelerate

1181 2461 1344 2501 dixerit

1180 2530 1322 2571 noris

1181 2598 1403 2651 proferres

1182 2669 1241 2709 sit

1183 2734 1237 2774 de
1258 2733 1349 2773 filio

1180 2803 1346 2852 videre,
1371 2801 1526 2842 audire

1181 2871 1400 2912 actionem
1422 2880 1601 2921 gravem
1621 2867 1854 2908 intendam

1182 2939 1288 2992 quid
1309 2939 1476 2980 sentiat
