<?xml version="1.0" encoding="UTF-8"?>
<!DOCTYPE html PUBLIC "-//W3C//DTD XHTML 1.0 Transitional//EN"
    "http://www.w3.org/TR/xhtml1/DTD/xhtml1-transitional.dtd">
<html xmlns="http://www.w3.org/1999/xhtml" xml:lang="en" lang="en">
 <head>
  <title>
</title>
<meta http-equiv="Content-Type" content="text/html;charset=utf-8" />
  <meta name='ocr-system' content='tesseract 3.04.00' />
  <meta name='ocr-capabilities' content='ocr_page ocr_carea ocr_par ocr_line ocrx_word'/>
</head>
<body>
  <div class='ocr_page' id='page_1' title='image "./phormiosimplifie00tereuoft_0024.png"; bbox 0 0 2158 3308; ppageno 0'>
   <div class='ocr_carea' id='block_1_1' title="bbox 260 405 351 448">
    <p class='ocr_par' dir='ltr' id='par_1_1' title="bbox 260 405 351 448">
     <span class='ocr_line' id='line_1_1' title="bbox 260 405 351 448; baseline 0.033 -3"><span class='ocrx_word' id='word_1_1' title='bbox 260 405 351 448; x_wconf 88' lang='lat' dir='ltr'>Da.</span> 
     </span>
    </p>
   </div>
   <div class='ocr_carea' id='block_1_2' title="bbox 198 648 349 697">
    <p class='ocr_par' dir='ltr' id='par_1_2' title="bbox 198 648 349 697">
     <span class='ocr_line' id='line_1_2' title="bbox 198 648 349 697; baseline 0.007 -9"><span class='ocrx_word' id='word_1_2' title='bbox 198 661 241 697; x_wconf 90' lang='lat'>15</span> <span class='ocrx_word' id='word_1_3' title='bbox 261 648 349 689; x_wconf 82' lang='lat' dir='ltr'>Da.</span> 
     </span>
    </p>
   </div>
   <div class='ocr_carea' id='block_1_3' title="bbox 197 1054 350 1095">
    <p class='ocr_par' dir='ltr' id='par_1_3' title="bbox 197 1054 350 1095">
     <span class='ocr_line' id='line_1_3' title="bbox 197 1054 350 1095; baseline 0.02 -3"><span class='ocrx_word' id='word_1_4' title='bbox 197 1069 244 1093; x_wconf 92' lang='lat'>20</span> <span class='ocrx_word' id='word_1_5' title='bbox 262 1054 350 1095; x_wconf 84' lang='lat' dir='ltr'>Da.</span> 
     </span>
    </p>
   </div>
   <div class='ocr_carea' id='block_1_4' title="bbox 340 1126 1940 1270">
    <p class='ocr_par' dir='ltr' id='par_1_4' title="bbox 340 1126 1940 1270">
     <span class='ocr_line' id='line_1_4' title="bbox 340 1126 1135 1188; baseline -0.005 -12"><span class='ocrx_word' id='word_1_6' title='bbox 340 1166 349 1176; x_wconf 90' lang='lat'><strong>.</strong></span> <span class='ocrx_word' id='word_1_7' title='bbox 396 1127 554 1188; x_wconf 79' lang='lat' dir='ltr'>Scies,</span> <span class='ocrx_word' id='word_1_8' title='bbox 582 1126 733 1175; x_wconf 84' lang='lat' dir='ltr'>modo</span> <span class='ocrx_word' id='word_1_9' title='bbox 757 1130 927 1174; x_wconf 78' lang='lat' dir='ltr'>tacere</span> <span class='ocrx_word' id='word_1_10' title='bbox 952 1132 1135 1188; x_wconf 88' lang='lat' dir='ltr'>possis.</span> 
     </span>
     <span class='ocr_line' id='line_1_5' title="bbox 341 1204 1940 1270; baseline -0.003 -13"><span class='ocrx_word' id='word_1_11' title='bbox 341 1247 350 1257; x_wconf 90' lang='lat'>.</span> <span class='ocrx_word' id='word_1_12' title='bbox 394 1208 501 1258; x_wconf 91' lang='lat' dir='ltr'>Abi</span> <span class='ocrx_word' id='word_1_13' title='bbox 538 1216 624 1270; x_wconf 88' lang='lat' dir='ltr'>sis,</span> <span class='ocrx_word' id='word_1_14' title='bbox 663 1207 919 1255; x_wconf 80' lang='lat' dir='ltr'>insciens!</span> <span class='ocrx_word' id='word_1_15' title='bbox 992 1205 1153 1255; x_wconf 77' lang='lat' dir='ltr'>Cuius</span> <span class='ocrx_word' id='word_1_16' title='bbox 1189 1204 1348 1253; x_wconf 88' lang='lat' dir='ltr'>fidem</span> <span class='ocrx_word' id='word_1_17' title='bbox 1386 1209 1446 1252; x_wconf 78' lang='lat' dir='ltr'>tu</span> <span class='ocrx_word' id='word_1_18' title='bbox 1481 1204 1538 1252; x_wconf 94' lang='lat' dir='ltr'>in</span> <span class='ocrx_word' id='word_1_19' title='bbox 1573 1204 1795 1267; x_wconf 78' lang='lat' dir='ltr'>pecunia</span> <span class='ocrx_word' id='word_1_20' title='bbox 1829 1219 1940 1268; x_wconf 88' lang='lat' dir='ltr'>per-</span> 
     </span>
    </p>
   </div>
   <div class='ocr_carea' id='block_1_5' title="bbox 885 263 1939 313">
    <p class='ocr_par' dir='ltr' id='par_1_5' title="bbox 885 263 1939 313">
     <span class='ocr_line' id='line_1_6' title="bbox 885 263 1939 313; baseline 0.002 -11"><span class='ocrx_word' id='word_1_21' title='bbox 885 293 891 302; x_wconf 93' lang='lat'>.</span> <span class='ocrx_word' id='word_1_22' title='bbox 970 264 1228 303; x_wconf 85' lang='lat' dir='ltr'>TERENGE</span> <span class='ocrx_word' id='word_1_23' title='bbox 1693 263 1742 313; x_wconf 94' lang='grc' dir='ltr'>[Ι.</span> <span class='ocrx_word' id='word_1_24' title='bbox 1762 266 1799 304; x_wconf 87' lang='lat'>2.</span> <span class='ocrx_word' id='word_1_25' title='bbox 1820 267 1939 304; x_wconf 85' lang='lat'>12—43</span> 
     </span>
    </p>
   </div>
   <div class='ocr_carea' id='block_1_6' title="bbox 393 393 1939 785">
    <p class='ocr_par' dir='ltr' id='par_1_6' title="bbox 393 393 1935 539">
     <span class='ocr_line' id='line_1_7' title="bbox 395 393 1935 462; baseline 0 -16"><span class='ocrx_word' id='word_1_26' title='bbox 395 397 528 447; x_wconf 84' lang='lat' dir='ltr'>Em!</span> <span class='ocrx_word' id='word_1_27' title='bbox 579 396 786 461; x_wconf 83' lang='lat' dir='ltr'>aoeipe3</span> <span class='ocrx_word' id='word_1_28' title='bbox 841 394 1070 460; x_wconf 71' lang='lat' dir='ltr'>(offerinq</span> <span class='ocrx_word' id='word_1_29' title='bbox 1102 396 1180 443; x_wconf 81' lang='lat' dir='ltr'>the</span> <span class='ocrx_word' id='word_1_30' title='bbox 1221 396 1315 458; x_wconf 74' lang='lat' dir='ltr'>baq</span> <span class='ocrx_word' id='word_1_31' title='bbox 1339 401 1387 443; x_wconf 81' lang='lat' dir='ltr'>to</span> <span class='ocrx_word' id='word_1_32' title='bbox 1425 394 1575 462; x_wconf 71' lang='lat' dir='ltr'>Geta)</span> <span class='ocrx_word' id='word_1_33' title='bbox 1603 393 1798 444; x_wconf 78' lang='lat' dir='ltr'>lectum</span> <span class='ocrx_word' id='word_1_34' title='bbox 1823 401 1935 459; x_wconf 85' lang='lat' dir='ltr'>est3</span> 
     </span>
     <span class='ocr_line' id='line_1_8' title="bbox 393 475 1415 539; baseline -0.005 -12"><span class='ocrx_word' id='word_1_35' title='bbox 393 494 639 527; x_wconf 85' lang='lat' dir='ltr'>numerus</span> <span class='ocrx_word' id='word_1_36' title='bbox 665 477 940 526; x_wconf 82' lang='lat' dir='ltr'>conveniet</span> <span class='ocrx_word' id='word_1_37' title='bbox 966 480 1219 539; x_wconf 85' lang='lat' dir='ltr'>quantum</span> <span class='ocrx_word' id='word_1_38' title='bbox 1245 475 1415 523; x_wconf 79' lang='lat' dir='ltr'>debui.</span> 
     </span>
    </p>

    <p class='ocr_par' dir='ltr' id='par_1_7' title="bbox 393 555 1939 785">
     <span class='ocr_line' id='line_1_9' title="bbox 393 555 1896 621; baseline -0.001 -13"><span class='ocrx_word' id='word_1_39' title='bbox 393 560 529 608; x_wconf 81' lang='lat' dir='ltr'>Amo</span> <span class='ocrx_word' id='word_1_40' title='bbox 553 565 633 621; x_wconf 83' lang='lat' dir='ltr'>te3</span> <span class='ocrx_word' id='word_1_41' title='bbox 673 563 724 607; x_wconf 92' lang='lat' dir='ltr'>et</span> <span class='ocrx_word' id='word_1_42' title='bbox 748 558 886 621; x_wconf 88' lang='lat' dir='ltr'>quod</span> <span class='ocrx_word' id='word_1_43' title='bbox 912 565 993 605; x_wconf 85' lang='lat' dir='ltr'>me</span> <span class='ocrx_word' id='word_1_44' title='bbox 1018 564 1123 605; x_wconf 81' lang='lat' dir='ltr'>non</span> <span class='ocrx_word' id='word_1_45' title='bbox 1147 555 1443 618; x_wconf 79' lang='lat' dir='ltr'>neglexisti,</span> <span class='ocrx_word' id='word_1_46' title='bbox 1469 556 1692 618; x_wconf 80' lang='lat' dir='ltr'>gratiam</span> <span class='ocrx_word' id='word_1_47' title='bbox 1716 557 1896 606; x_wconf 77' lang='lat' dir='ltr'>habeo.</span> 
     </span>
     <span class='ocr_line' id='line_1_10' title="bbox 393 637 1939 700; baseline -0.002 -11"><span class='ocrx_word' id='word_1_48' title='bbox 393 638 710 689; x_wconf 77' lang='lat' dir='ltr'>Praesertim</span> <span class='ocrx_word' id='word_1_49' title='bbox 747 643 806 687; x_wconf 92' lang='lat' dir='ltr'>ut</span> <span class='ocrx_word' id='word_1_50' title='bbox 841 654 978 686; x_wconf 84' lang='lat' dir='ltr'>nuno</span> <span class='ocrx_word' id='word_1_51' title='bbox 1015 642 1137 687; x_wconf 91' lang='lat' dir='ltr'>sunt</span> <span class='ocrx_word' id='word_1_52' title='bbox 1173 644 1355 685; x_wconf 74' lang='lat' dir='ltr'>mores,</span> <span class='ocrx_word' id='word_1_53' title='bbox 1429 637 1536 685; x_wconf 83' lang='lat' dir='ltr'>Res</span> <span class='ocrx_word' id='word_1_54' title='bbox 1572 645 1632 685; x_wconf 85' lang='lat' dir='ltr'>eo</span> <span class='ocrx_word' id='word_1_55' title='bbox 1675 637 1840 700; x_wconf 87' lang='lat' dir='ltr'>redit;</span> <span class='ocrx_word' id='word_1_56' title='bbox 1893 646 1939 686; x_wconf 91' lang='lat' dir='ltr'>si</span> 
     </span>
     <span class='ocr_line' id='line_1_11' title="bbox 395 716 1939 785; baseline -0.001 -16"><span class='ocrx_word' id='word_1_57' title='bbox 395 721 513 785; x_wconf 89' lang='lat' dir='ltr'>quis</span> <span class='ocrx_word' id='word_1_58' title='bbox 557 720 684 783; x_wconf 88' lang='lat' dir='ltr'>quid</span> <span class='ocrx_word' id='word_1_59' title='bbox 729 718 917 781; x_wconf 86' lang='lat' dir='ltr'>reddit,</span> <span class='ocrx_word' id='word_1_60' title='bbox 955 733 1144 780; x_wconf 86' lang='lat' dir='ltr'>magna</span> <span class='ocrx_word' id='word_1_61' title='bbox 1186 716 1358 780; x_wconf 79' lang='lat' dir='ltr'>gratia</span> <span class='ocrx_word' id='word_1_62' title='bbox 1394 721 1474 765; x_wconf 90' lang='lat' dir='ltr'>est</span> <span class='ocrx_word' id='word_1_63' title='bbox 1510 717 1762 766; x_wconf 88' lang='lat' dir='ltr'>habenda.</span> <span class='ocrx_word' id='word_1_64' title='bbox 1837 718 1939 767; x_wconf 87' lang='lat' dir='ltr'>Sed</span> 
     </span>
    </p>
   </div>
   <div class='ocr_carea' id='block_1_7' title="bbox 371 800 927 866">
    <p class='ocr_par' dir='ltr' id='par_1_8' title="bbox 371 800 927 866">
     <span class='ocr_line' id='line_1_12' title="bbox 371 800 927 866; baseline -0.005 -15"><span class='ocrx_word' id='word_1_65' title='bbox 371 819 375 822; x_wconf 77' lang='grc'><strong>’</strong></span> <span class='ocrx_word' id='word_1_66' title='bbox 395 801 524 866; x_wconf 85' lang='lat' dir='ltr'>quid</span> <span class='ocrx_word' id='word_1_67' title='bbox 548 807 607 850; x_wconf 81' lang='lat' dir='ltr'>tu</span> <span class='ocrx_word' id='word_1_68' title='bbox 632 800 802 850; x_wconf 89' lang='lat' dir='ltr'>tristis</span> <span class='ocrx_word' id='word_1_69' title='bbox 827 816 882 849; x_wconf 91' lang='lat' dir='ltr'>es</span> <span class='ocrx_word' id='word_1_70' title='bbox 901 801 927 848; x_wconf 86' lang='lat'>?</span> 
     </span>
    </p>
   </div>
   <div class='ocr_carea' id='block_1_8' title="bbox 394 879 1940 1104">
    <p class='ocr_par' dir='ltr' id='par_1_9' title="bbox 394 879 1940 1104">
     <span class='ocr_line' id='line_1_13' title="bbox 394 879 1940 946; baseline -0.002 -14"><span class='ocrx_word' id='word_1_71' title='bbox 394 884 616 946; x_wconf 82' lang='lat' dir='ltr'>Egone?</span> <span class='ocrx_word' id='word_1_72' title='bbox 688 882 876 932; x_wconf 80' lang='lat' dir='ltr'>Nescis</span> <span class='ocrx_word' id='word_1_73' title='bbox 924 889 1027 944; x_wconf 86' lang='lat' dir='ltr'>quo</span> <span class='ocrx_word' id='word_1_74' title='bbox 1067 879 1125 929; x_wconf 89' lang='lat' dir='ltr'>in</span> <span class='ocrx_word' id='word_1_75' title='bbox 1165 883 1325 942; x_wconf 82' lang='lat' dir='ltr'>metu,</span> <span class='ocrx_word' id='word_1_76' title='bbox 1368 883 1567 943; x_wconf 82' lang='lat' dir='ltr'>quanto</span> <span class='ocrx_word' id='word_1_77' title='bbox 1612 879 1670 927; x_wconf 91' lang='lat' dir='ltr'>in</span> <span class='ocrx_word' id='word_1_78' title='bbox 1707 879 1940 944; x_wconf 81' lang='lat' dir='ltr'>periculo</span> 
     </span>
     <span class='ocr_line' id='line_1_14' title="bbox 397 965 589 1014; baseline 0 0"><span class='ocrx_word' id='word_1_79' title='bbox 397 965 589 1014; x_wconf 79' lang='lat' dir='ltr'>simus!</span> 
     </span>
     <span class='ocr_line' id='line_1_15' title="bbox 395 1045 862 1104; baseline -0.002 -10"><span class='ocrx_word' id='word_1_80' title='bbox 395 1045 532 1104; x_wconf 74' lang='lat' dir='ltr'>Quid</span> <span class='ocrx_word' id='word_1_81' title='bbox 557 1045 694 1094; x_wconf 82' lang='lat' dir='ltr'>istuc</span> <span class='ocrx_word' id='word_1_82' title='bbox 719 1048 799 1094; x_wconf 88' lang='lat' dir='ltr'>est</span> <span class='ocrx_word' id='word_1_83' title='bbox 819 1045 862 1093; x_wconf 74' lang='lat' dir='ltr'>?v</span> 
     </span>
    </p>
   </div>
   <div class='ocr_carea' id='block_1_9' title="bbox 394 1285 1940 1420">
    <p class='ocr_par' dir='ltr' id='par_1_10' title="bbox 394 1285 1940 1420">
     <span class='ocr_line' id='line_1_16' title="bbox 397 1285 1940 1354; baseline -0.004 -15"><span class='ocrx_word' id='word_1_84' title='bbox 397 1289 644 1354; x_wconf 80' lang='lat' dir='ltr'>spexeris,</span> <span class='ocrx_word' id='word_1_85' title='bbox 683 1288 841 1336; x_wconf 85' lang='lat' dir='ltr'>verba</span> <span class='ocrx_word' id='word_1_86' title='bbox 878 1295 927 1335; x_wconf 93' lang='lat' dir='ltr'>ei</span> <span class='ocrx_word' id='word_1_87' title='bbox 961 1294 1138 1335; x_wconf 82' lang='lat' dir='ltr'>verere</span> <span class='ocrx_word' id='word_1_88' title='bbox 1175 1285 1427 1334; x_wconf 75' lang='lat' dir='ltr'>eredere?</span> <span class='ocrx_word' id='word_1_89' title='bbox 1499 1285 1608 1334; x_wconf 90' lang='lat' dir='ltr'>Ubi</span> <span class='ocrx_word' id='word_1_90' title='bbox 1644 1285 1772 1349; x_wconf 85' lang='lat' dir='ltr'>quid</span> <span class='ocrx_word' id='word_1_91' title='bbox 1806 1285 1940 1334; x_wconf 85' lang='lat' dir='ltr'>lueri</span> 
     </span>
     <span class='ocr_line' id='line_1_17' title="bbox 394 1368 963 1420; baseline -0.007 0"><span class='ocrx_word' id='word_1_92' title='bbox 394 1371 527 1420; x_wconf 88' lang='lat' dir='ltr'>mihi</span> <span class='ocrx_word' id='word_1_93' title='bbox 552 1375 632 1420; x_wconf 88' lang='lat' dir='ltr'>est</span> <span class='ocrx_word' id='word_1_94' title='bbox 656 1374 709 1418; x_wconf 81' lang='lat' dir='ltr'>te</span> <span class='ocrx_word' id='word_1_95' title='bbox 733 1368 918 1418; x_wconf 84' lang='lat' dir='ltr'>fallere</span> <span class='ocrx_word' id='word_1_96' title='bbox 937 1369 963 1416; x_wconf 87' lang='lat'>?</span> 
     </span>
    </p>
   </div>
   <div class='ocr_carea' id='block_1_10' title="bbox 338 1450 1082 1596">
    <p class='ocr_par' dir='ltr' id='par_1_11' title="bbox 338 1450 1082 1596">
     <span class='ocr_line' id='line_1_18' title="bbox 338 1450 693 1515; baseline -0.006 -13"><span class='ocrx_word' id='word_1_97' title='bbox 338 1492 348 1502; x_wconf 91' lang='lat'><strong>.</strong></span> <span class='ocrx_word' id='word_1_98' title='bbox 391 1454 530 1515; x_wconf 76' lang='lat' dir='ltr'>Ergo</span> <span class='ocrx_word' id='word_1_99' title='bbox 555 1450 693 1501; x_wconf 86' lang='lat' dir='ltr'>audi.</span> 
     </span>
     <span class='ocr_line' id='line_1_19' title="bbox 341 1529 1082 1596; baseline -0.008 -12"><span class='ocrx_word' id='word_1_100' title='bbox 341 1573 352 1584; x_wconf 89' lang='lat'><strong><em>.</em></strong></span> <span class='ocrx_word' id='word_1_101' title='bbox 395 1531 548 1583; x_wconf 83' lang='lat' dir='ltr'>Hane</span> <span class='ocrx_word' id='word_1_102' title='bbox 574 1547 782 1596; x_wconf 85' lang='lat' dir='ltr'>operam</span> <span class='ocrx_word' id='word_1_103' title='bbox 808 1529 908 1579; x_wconf 85' lang='lat' dir='ltr'>tibi</span> <span class='ocrx_word' id='word_1_104' title='bbox 934 1529 1082 1579; x_wconf 78' lang='lat' dir='ltr'>dedo.</span> 
     </span>
    </p>
   </div>
   <div class='ocr_carea' id='block_1_11' title="bbox 393 1610 1940 1675">
    <p class='ocr_par' dir='ltr' id='par_1_12' title="bbox 393 1610 1940 1675">
     <span class='ocr_line' id='line_1_20' title="bbox 393 1610 1940 1675; baseline -0.003 -11"><span class='ocrx_word' id='word_1_105' title='bbox 393 1616 633 1675; x_wconf 82' lang='lat' dir='ltr'>Nostine,</span> <span class='ocrx_word' id='word_1_106' title='bbox 671 1614 832 1674; x_wconf 74' lang='lat' dir='ltr'>Dave,</span> <span class='ocrx_word' id='word_1_107' title='bbox 868 1611 1007 1661; x_wconf 89' lang='lat' dir='ltr'>senis</span> <span class='ocrx_word' id='word_1_108' title='bbox 1042 1615 1212 1660; x_wconf 77' lang='lat' dir='ltr'>nostri</span> <span class='ocrx_word' id='word_1_109' title='bbox 1245 1610 1466 1660; x_wconf 78' lang='lat' dir='ltr'>fratrem</span> <span class='ocrx_word' id='word_1_110' title='bbox 1500 1610 1751 1660; x_wconf 77' lang='lat' dir='ltr'>maiorem</span> <span class='ocrx_word' id='word_1_111' title='bbox 1786 1610 1940 1660; x_wconf 85' lang='lat' dir='ltr'>Chre-</span> 
     </span>
    </p>
   </div>
   <div class='ocr_carea' id='block_1_12' title="bbox 339 1697 1936 2080">
    <p class='ocr_par' dir='ltr' id='par_1_13' title="bbox 349 1697 574 1746">
     <span class='ocr_line' id='line_1_21' title="bbox 349 1697 574 1746; baseline -0.013 0"><span class='ocrx_word' id='word_1_112' title='bbox 349 1738 352 1746; x_wconf 24' lang='grc'>1</span> <span class='ocrx_word' id='word_1_113' title='bbox 395 1712 530 1745; x_wconf 93' lang='lat' dir='ltr'>mem</span> <span class='ocrx_word' id='word_1_114' title='bbox 549 1697 574 1743; x_wconf 77' lang='lat'>¹?</span> 
     </span>
    </p>

    <p class='ocr_par' dir='ltr' id='par_1_14' title="bbox 341 1777 1192 1836">
     <span class='ocr_line' id='line_1_22' title="bbox 341 1777 1192 1836; baseline -0.005 -9"><span class='ocrx_word' id='word_1_115' title='bbox 341 1817 350 1827; x_wconf 90' lang='lat'><em>.</em></span> <span class='ocrx_word' id='word_1_116' title='bbox 395 1777 592 1836; x_wconf 79' lang='lat' dir='ltr'>Quidni</span> <span class='ocrx_word' id='word_1_117' title='bbox 612 1777 638 1824; x_wconf 77' lang='lat'>⁴?</span> <span class='ocrx_word' id='word_1_118' title='bbox 1190 1819 1192 1824; x_wconf 79' lang='grc'>,</span> 
     </span>
    </p>

    <p class='ocr_par' dir='ltr' id='par_1_15' title="bbox 339 1843 1363 1917">
     <span class='ocr_line' id='line_1_23' title="bbox 339 1843 1363 1917; baseline -0.004 -9"><span class='ocrx_word' id='word_1_119' title='bbox 339 1899 348 1908; x_wconf 92' lang='grc'><strong>.</strong></span> <span class='ocrx_word' id='word_1_120' title='bbox 393 1858 530 1917; x_wconf 81' lang='lat' dir='ltr'>Quid</span> <span class='ocrx_word' id='word_1_121' title='bbox 548 1859 573 1905; x_wconf 86' lang='lat'>?</span> <span class='ocrx_word' id='word_1_122' title='bbox 644 1843 777 1905; x_wconf 76' lang='lat' dir='ltr'>Eius</span> <span class='ocrx_word' id='word_1_123' title='bbox 802 1855 979 1904; x_wconf 85' lang='lat' dir='ltr'>filium</span> <span class='ocrx_word' id='word_1_124' title='bbox 1003 1855 1318 1905; x_wconf 85' lang='lat' dir='ltr'>Phaedriam</span> <span class='ocrx_word' id='word_1_125' title='bbox 1336 1858 1363 1905; x_wconf 86' lang='lat'>?</span> 
     </span>
    </p>

    <p class='ocr_par' dir='ltr' id='par_1_16' title="bbox 342 1941 801 2002">
     <span class='ocr_line' id='line_1_24' title="bbox 342 1941 801 2002; baseline -0.009 -13"><span class='ocrx_word' id='word_1_126' title='bbox 342 1979 351 1989; x_wconf 92' lang='lat'>.</span> <span class='ocrx_word' id='word_1_127' title='bbox 398 1941 526 1988; x_wconf 86' lang='lat' dir='ltr'>Tam</span> <span class='ocrx_word' id='word_1_128' title='bbox 553 1954 708 2002; x_wconf 88' lang='lat' dir='ltr'>quam</span> <span class='ocrx_word' id='word_1_129' title='bbox 732 1942 801 1986; x_wconf 78' lang='lat' dir='ltr'>te.</span> 
     </span>
    </p>

    <p class='ocr_par' dir='ltr' id='par_1_17' title="bbox 339 2015 1936 2080">
     <span class='ocr_line' id='line_1_25' title="bbox 339 2015 1936 2080; baseline -0.003 -10"><span class='ocrx_word' id='word_1_130' title='bbox 339 2060 360 2071; x_wconf 85' lang='grc'>.,</span> <span class='ocrx_word' id='word_1_131' title='bbox 393 2015 587 2069; x_wconf 76' lang='lat' dir='ltr'>Evenit</span> <span class='ocrx_word' id='word_1_132' title='bbox 629 2018 838 2069; x_wconf 89' lang='lat' dir='ltr'>senibus</span> <span class='ocrx_word' id='word_1_133' title='bbox 881 2018 1131 2067; x_wconf 80' lang='lat' dir='ltr'>ambobus</span> <span class='ocrx_word' id='word_1_134' title='bbox 1168 2018 1341 2080; x_wconf 85' lang='lat' dir='ltr'>simul,</span> <span class='ocrx_word' id='word_1_135' title='bbox 1378 2017 1462 2066; x_wconf 90' lang='lat' dir='ltr'>illi</span> <span class='ocrx_word' id='word_1_136' title='bbox 1494 2022 1556 2066; x_wconf 91' lang='lat' dir='ltr'>ut</span> <span class='ocrx_word' id='word_1_137' title='bbox 1589 2017 1646 2065; x_wconf 91' lang='lat' dir='ltr'>in</span> <span class='ocrx_word' id='word_1_138' title='bbox 1681 2017 1936 2066; x_wconf 75' lang='lat' dir='ltr'>Lemnum</span> 
     </span>
    </p>
   </div>
   <div class='ocr_carea' id='block_1_13' title="bbox 395 2098 1935 2327">
    <p class='ocr_par' dir='ltr' id='par_1_18' title="bbox 395 2098 1935 2327">
     <span class='ocr_line' id='line_1_26' title="bbox 395 2098 1931 2163; baseline -0.002 -12"><span class='ocrx_word' id='word_1_139' title='bbox 395 2102 495 2151; x_wconf 89' lang='lat' dir='ltr'>iter</span> <span class='ocrx_word' id='word_1_140' title='bbox 520 2105 671 2163; x_wconf 89' lang='lat' dir='ltr'>esset,</span> <span class='ocrx_word' id='word_1_141' title='bbox 698 2103 875 2149; x_wconf 79' lang='lat' dir='ltr'>nostro</span> <span class='ocrx_word' id='word_1_142' title='bbox 908 2098 965 2146; x_wconf 92' lang='lat' dir='ltr'>in</span> <span class='ocrx_word' id='word_1_143' title='bbox 997 2099 1235 2148; x_wconf 81' lang='lat' dir='ltr'>Ciliciam</span> <span class='ocrx_word' id='word_1_144' title='bbox 1261 2099 1327 2147; x_wconf 87' lang='lat' dir='ltr'>ad</span> <span class='ocrx_word' id='word_1_145' title='bbox 1351 2098 1610 2162; x_wconf 76' lang='lat' dir='ltr'>hospitem</span> <span class='ocrx_word' id='word_1_146' title='bbox 1638 2102 1931 2161; x_wconf 88' lang='lat' dir='ltr'>antiquum.</span> 
     </span>
     <span class='ocr_line' id='line_1_27' title="bbox 396 2179 1935 2246; baseline -0.001 -15"><span class='ocrx_word' id='word_1_147' title='bbox 396 2184 452 2233; x_wconf 92' lang='lat' dir='ltr'>Is</span> <span class='ocrx_word' id='word_1_148' title='bbox 489 2198 662 2232; x_wconf 90' lang='lat' dir='ltr'>senem</span> <span class='ocrx_word' id='word_1_149' title='bbox 699 2197 791 2246; x_wconf 83' lang='lat' dir='ltr'>per</span> <span class='ocrx_word' id='word_1_150' title='bbox 829 2179 1082 2244; x_wconf 77' lang='lat' dir='ltr'>epistulas</span> <span class='ocrx_word' id='word_1_151' title='bbox 1119 2179 1354 2244; x_wconf 84' lang='lat' dir='ltr'>pellexit,</span> <span class='ocrx_word' id='word_1_152' title='bbox 1393 2180 1546 2228; x_wconf 83' lang='lat' dir='ltr'>modo</span> <span class='ocrx_word' id='word_1_153' title='bbox 1586 2187 1691 2228; x_wconf 85' lang='lat' dir='ltr'>non</span> <span class='ocrx_word' id='word_1_154' title='bbox 1732 2185 1935 2230; x_wconf 82' lang='lat' dir='ltr'>montes</span> 
     </span>
     <span class='ocr_line' id='line_1_28' title="bbox 395 2262 803 2327; baseline -0.007 -13"><span class='ocrx_word' id='word_1_155' title='bbox 395 2272 509 2314; x_wconf 90' lang='lat' dir='ltr'>auri</span> <span class='ocrx_word' id='word_1_156' title='bbox 532 2262 803 2327; x_wconf 80' lang='lat' dir='ltr'>pollicens.</span> 
     </span>
    </p>
   </div>
   <div class='ocr_carea' id='block_1_14' title="bbox 342 2344 1324 2407">
    <p class='ocr_par' dir='ltr' id='par_1_19' title="bbox 342 2344 1324 2407">
     <span class='ocr_line' id='line_1_29' title="bbox 342 2344 1324 2407; baseline -0.004 -13"><span class='ocrx_word' id='word_1_157' title='bbox 342 2385 351 2394; x_wconf 92' lang='lat'>.</span> <span class='ocrx_word' id='word_1_158' title='bbox 397 2347 494 2396; x_wconf 87' lang='lat' dir='ltr'>Cui</span> <span class='ocrx_word' id='word_1_159' title='bbox 517 2349 667 2394; x_wconf 88' lang='lat' dir='ltr'>tanta</span> <span class='ocrx_word' id='word_1_160' title='bbox 690 2352 772 2392; x_wconf 82' lang='lat' dir='ltr'>res</span> <span class='ocrx_word' id='word_1_161' title='bbox 798 2347 908 2392; x_wconf 86' lang='lat' dir='ltr'>erat</span> <span class='ocrx_word' id='word_1_162' title='bbox 933 2347 985 2391; x_wconf 91' lang='lat' dir='ltr'>et</span> <span class='ocrx_word' id='word_1_163' title='bbox 1012 2346 1280 2407; x_wconf 88' lang='lat' dir='ltr'>supererat</span> <span class='ocrx_word' id='word_1_164' title='bbox 1297 2344 1324 2391; x_wconf 90' lang='lat'>?</span> 
     </span>
    </p>
   </div>
   <div class='ocr_carea' id='block_1_15' title="bbox 393 2423 1168 2487">
    <p class='ocr_par' dir='ltr' id='par_1_20' title="bbox 393 2423 1168 2487">
     <span class='ocr_line' id='line_1_30' title="bbox 393 2423 1168 2487; baseline -0.003 -12"><span class='ocrx_word' id='word_1_165' title='bbox 393 2426 666 2476; x_wconf 80' lang='lat' dir='ltr'>Desine—</span> <span class='ocrx_word' id='word_1_166' title='bbox 682 2433 755 2474; x_wconf 87' lang='lat' dir='ltr'>sio</span> <span class='ocrx_word' id='word_1_167' title='bbox 781 2430 861 2473; x_wconf 85' lang='lat' dir='ltr'>est</span> <span class='ocrx_word' id='word_1_168' title='bbox 884 2423 1168 2487; x_wconf 85' lang='lat' dir='ltr'>ingenium.</span> 
     </span>
    </p>
   </div>
   <div class='ocr_carea' id='block_1_16' title="bbox 342 2501 1938 2569">
    <p class='ocr_par' dir='ltr' id='par_1_21' title="bbox 342 2501 1938 2569">
     <span class='ocr_line' id='line_1_31' title="bbox 342 2501 1938 2569; baseline -0.003 -12"><span class='ocrx_word' id='word_1_169' title='bbox 342 2547 352 2557; x_wconf 90' lang='lat'><strong>.</strong></span> <span class='ocrx_word' id='word_1_170' title='bbox 399 2501 441 2557; x_wconf 75' lang='grc' dir='ltr'>ὂ</span> <span class='ocrx_word' id='word_1_171' title='bbox 485 2515 566 2555; x_wconf 82' lang='lat' dir='ltr'>me</span> <span class='ocrx_word' id='word_1_172' title='bbox 617 2521 728 2555; x_wconf 92' lang='lat' dir='ltr'>esse</span> <span class='ocrx_word' id='word_1_173' title='bbox 779 2514 953 2567; x_wconf 82' lang='lat' dir='ltr'>regem</span> <span class='ocrx_word' id='word_1_174' title='bbox 1002 2504 1255 2568; x_wconf 84' lang='lat' dir='ltr'>oportuit!</span> <span class='ocrx_word' id='word_1_175' title='bbox 1330 2503 1468 2569; x_wconf 73' lang='lat' dir='ltr'>(with</span> <span class='ocrx_word' id='word_1_176' title='bbox 1509 2521 1577 2553; x_wconf 74' lang='lat' dir='ltr'>an</span> <span class='ocrx_word' id='word_1_177' title='bbox 1617 2508 1700 2553; x_wconf 72' lang='lat' dir='ltr'>air</span> <span class='ocrx_word' id='word_1_178' title='bbox 1733 2508 1796 2567; x_wconf 88' lang='lat' dir='ltr'>os</span> <span class='ocrx_word' id='word_1_179' title='bbox 1831 2508 1938 2568; x_wconf 64' lang='lat' dir='ltr'>sels</span> 
     </span>
    </p>
   </div>
   <div class='ocr_carea' id='block_1_17' title="bbox 397 2589 725 2654">
    <p class='ocr_par' dir='ltr' id='par_1_22' title="bbox 397 2589 725 2654">
     <span class='ocr_line' id='line_1_32' title="bbox 397 2589 725 2654; baseline -0.006 -16"><span class='ocrx_word' id='word_1_180' title='bbox 397 2589 725 2654; x_wconf 76' lang='lat' dir='ltr'>importance)</span> 
     </span>
    </p>
   </div>
   <div class='ocr_carea' id='block_1_18' title="bbox 342 2667 1934 2730">
    <p class='ocr_par' dir='ltr' id='par_1_23' title="bbox 342 2667 1934 2730">
     <span class='ocr_line' id='line_1_33' title="bbox 342 2667 1934 2730; baseline -0.002 -11"><span class='ocrx_word' id='word_1_181' title='bbox 342 2710 352 2720; x_wconf 91' lang='lat'><strong>.</strong></span> <span class='ocrx_word' id='word_1_182' title='bbox 394 2670 663 2719; x_wconf 77' lang='lat' dir='ltr'>Abeuntes</span> <span class='ocrx_word' id='word_1_183' title='bbox 703 2669 852 2718; x_wconf 79' lang='lat' dir='ltr'>ambo</span> <span class='ocrx_word' id='word_1_184' title='bbox 892 2675 1038 2717; x_wconf 78' lang='lat' dir='ltr'>senes</span> <span class='ocrx_word' id='word_1_185' title='bbox 1074 2671 1186 2715; x_wconf 90' lang='lat' dir='ltr'>tum</span> <span class='ocrx_word' id='word_1_186' title='bbox 1222 2667 1307 2715; x_wconf 85' lang='lat' dir='ltr'>hie</span> <span class='ocrx_word' id='word_1_187' title='bbox 1342 2675 1425 2715; x_wconf 77' lang='lat' dir='ltr'>me</span> <span class='ocrx_word' id='word_1_188' title='bbox 1460 2667 1767 2730; x_wconf 88' lang='lat' dir='ltr'>relinquunt</span> <span class='ocrx_word' id='word_1_189' title='bbox 1801 2667 1934 2716; x_wconf 82' lang='lat' dir='ltr'>filiis</span> 
     </span>
    </p>
   </div>
   <div class='ocr_carea' id='block_1_19' title="bbox 397 2750 890 2814">
    <p class='ocr_par' dir='ltr' id='par_1_24' title="bbox 397 2750 890 2814">
     <span class='ocr_line' id='line_1_34' title="bbox 397 2750 890 2814; baseline -0.006 -14"><span class='ocrx_word' id='word_1_190' title='bbox 397 2750 546 2814; x_wconf 89' lang='lat' dir='ltr'>quasi</span> <span class='ocrx_word' id='word_1_191' title='bbox 571 2750 890 2812; x_wconf 83' lang='lat' dir='ltr'>magistrum.</span> 
     </span>
    </p>
   </div>
   <div class='ocr_carea' id='block_1_20' title="bbox 344 2824 1404 2893">
    <p class='ocr_par' dir='ltr' id='par_1_25' title="bbox 344 2824 1404 2893">
     <span class='ocr_line' id='line_1_35' title="bbox 344 2824 1404 2893; baseline -0.004 -13"><span class='ocrx_word' id='word_1_192' title='bbox 344 2870 353 2880; x_wconf 89' lang='lat'><em>.</em></span> <span class='ocrx_word' id='word_1_193' title='bbox 400 2824 442 2880; x_wconf 74' lang='lat' dir='ltr'>O</span> <span class='ocrx_word' id='word_1_194' title='bbox 470 2832 619 2891; x_wconf 85' lang='lat' dir='ltr'>Geta,</span> <span class='ocrx_word' id='word_1_195' title='bbox 646 2829 969 2893; x_wconf 80' lang='lat' dir='ltr'>provinciam</span> <span class='ocrx_word' id='word_1_196' title='bbox 995 2829 1181 2892; x_wconf 80' lang='lat' dir='ltr'>cepisti</span> <span class='ocrx_word' id='word_1_197' title='bbox 1206 2828 1404 2876; x_wconf 79' lang='lat' dir='ltr'>duram.</span> 
     </span>
    </p>
   </div>
  </div>
 </body>
</html>
