2158 3308
231 297 285 336 v.
302 298 341 336 2.
359 296 498 347 m-es]
945 294 1205 335 molano
1846 286 1916 340 37

231 434 319 477 Ch.
365 427 613 495 (auqrily)
656 427 1030 491 Numquamne
1075 423 1234 474 hodie
1281 424 1415 474 mihi
1452 426 1705 477 concedes
1745 441 1915 492 neque

367 508 645 572 intelleges
662 509 690 558 ’.7

228 597 319 640 De.
367 589 426 640 SI
448 595 509 639 tu
531 588 671 638 nihil
694 596 878 640 narras
894 589 923 638 ’.7

229 678 319 721 ch.
364 671 752 739 (despairinqu)
779 669 980 721 Perdis.
1933 689 1980 728 55

226 760 324 802 Ra.
360 753 529 802 Miror
553 751 681 816 quid
705 752 792 802 sit.
1494 778 1501 785 ·

227 840 319 883 De.
365 832 626 898 Equidem
653 831 827 882 hercle
850 833 1040 883 neseio.

227 921 316 964 Ch.
369 914 534 964 Visne
560 915 732 964 seire?
767 913 843 963 At
870 913 949 963 ita
982 921 1065 963 me
1099 917 1274 969 servet
1304 913 1561 979 Iuppiter,
1586 919 1646 964 ut
1674 913 1915 980 proprior

374 994 459 1044 int
481 999 564 1045 est
586 1002 739 1044 nemo
763 1009 920 1060 quam
949 1009 1046 1057 ego
1070 1010 1185 1044 sum
1210 1010 1270 1044 ae
1293 999 1372 1044 tsi.

225 1083 317 1127 De.
366 1077 440 1126 Di
458 1081 684 1127 vestram
712 1075 897 1125 fidem!
933 1076 1130 1126 Eamus
1155 1075 1224 1125 ad
1247 1075 1445 1140 ipsam3
1483 1084 1590 1127 una
1612 1084 1792 1127 omnes
1815 1085 1912 1128 nos
1929 1091 1980 1128 60

367 1158 488 1208 volo
510 1162 603 1207 aut
626 1165 758 1208 seire
782 1161 875 1207 aut
897 1165 1098 1208 nescire
1123 1156 1237 1207 hoe.
1312 1158 1506 1226 (qoinq)

226 1246 314 1289 Ch.
362 1228 484 1289 Ᾰιιε
524 1238 776 1304 (stoppinq
799 1239 928 1306 him)

223 1327 315 1371 De.
360 1320 499 1380 Quid
523 1324 605 1370 est
621 1321 649 1369 ’.7

225 1408 313 1451 ch.
361 1402 514 1452 Itane
536 1416 751 1467 parvam
777 1400 933 1451 fidem
958 1401 1092 1450 mihi
1116 1417 1231 1452 esse
1254 1402 1397 1467 apud
1419 1403 1499 1452 te!

222 1489 314 1533 De.
361 1483 525 1534 Visne
549 1490 633 1532 me
656 1482 866 1532 eredere
883 1483 911 1531 ?
947 1483 1111 1533 Visne
1131 1484 1270 1543 istuc
1296 1483 1427 1534 satis
1451 1482 1586 1532 mihi
1612 1489 1910 1548 quaesitum
1926 1499 1974 1547 65

358 1579 471 1616 esse
488 1565 516 1613 ?
552 1564 695 1628 Age3
732 1563 848 1615 fIat.
919 1564 1057 1624 Quid
1078 1565 1104 1614 ?
1143 1563 1247 1614 Illa
1265 1572 1422 1615 amici
1442 1569 1612 1615 nostri
1636 1563 1757 1615 filia
1780 1566 1910 1631 quid

357 1646 598 1696 futurum
624 1649 707 1696 est
722 1646 750 1696 ’.7

223 1733 312 1777 oh.
361 1728 541 1778 Recte.

221 1815 313 1859 De.
357 1809 513 1859 Hane
535 1807 700 1872 igitur
724 1808 988 1860 mittimus
1005 1810 1033 1860 ⁴?

222 1896 312 1940 σιι.
356 1889 597 1949 Quidni?
1927 1914 1975 1954 70
2044 1953 2046 1955 .

132 1983 134 1986 ’
221 1977 312 2022 De.
361 1970 469 2022 Illa
491 1973 746 2023 maneat?

222 2058 310 2102 ch.
358 2051 459 2104 Sle.

220 2139 312 2184 De.
357 2126 443 2184 Ire
466 2134 629 2199 igitur
652 2134 767 2196 tibi,
792 2136 1149 2200 Nausistrata,
1175 2136 1314 2187 lieet.

219 2220 316 2265 8⁸.
352 2215 439 2267 Sle
469 2215 556 2283 pol
590 2232 703 2267 esse
732 2218 1055 2269 commodius
1086 2218 1142 2267 in
1166 2225 1347 2268 omnes
1383 2217 1626 2281 arbitror,
1653 2234 1812 2283 quam
1844 2224 1906 2270 ut

354 2305 615 2363 coeperas,
639 2297 776 2348 hane
800 2306 1039 2363 manere3
1076 2314 1198 2350 nam
1217 2307 1334 2349 v1sa
1352 2303 1433 2350 est
1460 2298 1606 2363 mihi,
1633 2314 1750 2349 eum
1775 2301 1903 2363 v1d1‚
1924 2320 1969 2359 75

355 2378 697 2445 perliberalis.
771 2380 918 2445 (Exit
943 2383 1048 2430 into
1076 2380 1324 2432 C'hremes'
1349 2381 1540 2448 house.)

218 2464 311 2510 De.
360 2459 717 2528 (impatiently)
744 2460 882 2520 Quid
908 2460 1046 2512 istuc
1071 2461 1335 2527 negotium
1366 2462 1489 2512 est?

220 2546 309 2591 cu.
360 2542 583 2607 (lookinq
605 2543 757 2593 about
780 2544 1068 2612 avexiously)
1096 2543 1278 2594 Iamne
1303 2542 1510 2608 operuit
1534 2544 1767 2597 ostium?

219 2627 310 2672 Do.
357 2621 486 2673 Iam.

220 2707 311 2753 ch.
354 2695 400 2754 0
423 2703 680 2770 Iuppiter,
705 2704 762 2755 <11
785 2712 882 2757 nos
906 2705 1224 2772 respiciunt!
1263 2707 1452 2759 Filiam
1480 2709 1659 2759 invent
1682 2714 1902 2775 nuptam
1918 2717 1968 2754 80

355 2799 471 2835 cum
499 2785 618 2837 snio
635 2791 744 2838 tuo.

219 2869 312 2918 Do.
357 2865 526 2917 Hem!
585 2867 700 2927 Quo
723 2872 877 2933 paeto
900 2867 1018 2919 fieri
1041 2868 1255 2935 potuit?

221 2950 309 2996 oh.
353 2946 478 2998 Non
501 2947 633 2999 satis
656 2953 805 3000 tutus
828 2949 897 3001 ad
920 2950 1238 3001 narrandum
1265 2957 1346 3002 est
1371 2951 1456 3003 hic
1480 2952 1639 3005 loeus.
